<?xml version="1.0" encoding="UTF-8"?><collection xmlns="http://www.loc.gov/MARC21/slim"><record><leader>00466nam--2200133-i-4500</leader><controlfield tag="001">000042724</controlfield><controlfield tag="002">20161230</controlfield><controlfield tag="005">20161230201043</controlfield><controlfield tag="008">060222s1000------------r-----000-0-eng-d</controlfield><datafield ind1=" " ind2=" " tag="080"><subfield code="a">001.891:31:5:62</subfield></datafield><datafield ind1=" " ind2=" " tag="245"><subfield code="a">Statistiques de la science et de la technologie:apercu modial. resultats d`enquetes experimentales sur le personnel scientifique et technique et sur les ...</subfield></datafield><datafield ind1=" " ind2=" " tag="260"><subfield code="a">Paris, Unesco, 1970. 66 P</subfield></datafield><datafield ind1=" " ind2=" " tag="490"><subfield code="a">Rapports Et Etudes Statistiques</subfield></datafield><datafield ind1=" " ind2=" " tag="852"><subfield code="a">34325</subfield></datafield></record></collection>